<record><leader>00000cas a22000007a 4500</leader><controlfield tag="001">24435636</controlfield><controlfield tag="008">910923d19841990mouwr ne      0    0eng d</controlfield><controlfield tag="009">9538</controlfield><datafield ind1=" " ind2=" " tag="010"><subfield code="a">sn 91061014 </subfield></datafield><datafield ind1=" " ind2=" " tag="040"><subfield code="a">MQN</subfield><subfield code="b">eng</subfield><subfield code="c">MQN</subfield><subfield code="d">OCLCQ</subfield></datafield><datafield ind1="1" ind2=" " tag="029"><subfield code="a">AU@</subfield><subfield code="b">000025896986</subfield></datafield><datafield ind1=" " ind2=" " tag="042"><subfield code="a">msc</subfield></datafield><datafield ind1="0" ind2="0" tag="245"><subfield code="a">West Citizen journal.</subfield></datafield><datafield ind1=" " ind2=" " tag="260"><subfield code="a">Creve Couer, Mo. :</subfield><subfield code="b">[s.n.],</subfield><subfield code="c">1984-1990.</subfield></datafield><datafield ind1=" " ind2=" " tag="300"><subfield code="a">v.</subfield></datafield><datafield ind1=" " ind2=" " tag="310"><subfield code="a">Semiweekly,</subfield><subfield code="b">Mar. 6, 1987-</subfield></datafield><datafield ind1=" " ind2=" " tag="321"><subfield code="a">Weekly,</subfield><subfield code="b">&lt;Jan. 1, 1986&gt;-Mar. 4, 1987</subfield></datafield><datafield ind1="1" ind2=" " tag="362"><subfield code="a">Ceased in 1990.</subfield></datafield><datafield ind1="0" ind2=" " tag="362"><subfield code="a">Vol. 17, no. 36 (Sept. 5, 1984)-</subfield></datafield><datafield ind1=" " ind2=" " tag="500"><subfield code="a">Member: Suburban Newspapers of Greater St. Louis.</subfield></datafield><datafield ind1=" " ind2="4" tag="651"><subfield code="a">Saint Louis County (Mo.)</subfield><subfield code="v">Newspapers.</subfield></datafield><datafield ind1=" " ind2=" " tag="752"><subfield code="a">United States</subfield><subfield code="b">Missouri</subfield><subfield code="c">Saint Louis</subfield><subfield code="d">Creve Coeur.</subfield></datafield><datafield ind1="0" ind2="0" tag="780"><subfield code="t">West County citizen</subfield><subfield code="w">(DLC)sn 91061013</subfield></datafield><datafield ind1="0" ind2="1" tag="785"><subfield code="t">Citizen journal</subfield></datafield></record>